@article{guidotti2022worldwide,
  title={A worldwide epidemiological database for COVID-19 at fine-grained spatial resolution},
  author={Guidotti, Emanuele},
  journal={Scientific Data},
  volume={9},
  number={1},
  pages={112},
  year={2022},
  publisher={Nature Publishing Group UK London}
}

@techreport{ecdc2020strategies,
  title={Strategies for the surveillance of COVID-19},
  author="{European Centre for Disease Prevention and Control}",
  year={2020},
  institution={ECDC, Stockholm, Sweden},
  type={Technical report},
}

@misc{oph2022covid,
    title={COVID-19 Variant of Concern Omicron (B.1.1.529): Risk Assessment},
    author="{Ontario Agency for Health Protection and Promotion}",
    year={2022},
    howpublished={\url{https://www.publichealthontario.ca/-/media/documents/ncov/voc/2022/01/covid-19-omicron-b11529-risk-assessment-jan-6.pdf?sc_lang=en; https://pubmed.ncbi.nlm.nih.gov/35043118}}
}

@misc{cdc2022estimated,
    title={Estimated COVID-19 Burden},
    author="{Centers for Disease Control and Prevention}",
    year=2022,
    howpublished={\url{https://www.cdc.gov/coronavirus/2019-ncov/cases-updates/burden.html}}
}

@misc{nyt2020corona,
    title={Coronavirus in the U.S.: Latest Map and Case Count},
    author="{The New York Times}",
    year=2020,
    howpublished={\url{https://www.nytimes.com/interactive/2021/us/covid-cases.html}}
}


@misc{wp2020tracking,
    title={Tracking U.S. COVID-19 cases, deaths and other metrics by state},
    author="{The Washington Post}",
    year=2020,
    howpublished={\url{https://www.washingtonpost.com/graphics/2020/national/coronavirus-us-cases-deaths/?state=US}}
}

@misc{wash2020dash,
    title={COVID-19 Data Dashboard},
    author="{Washington State Department of Health}",
    year=2020,
    howpublished={\url{https://doh.wa.gov/emergencies/covid-19/data-dashboard}}
}


@article{dong2020interactive,
  title={An interactive web-based dashboard to track COVID-19 in real time},
  author={Dong, Ensheng and Du, Hongru and Gardner, Lauren},
  journal={The Lancet infectious diseases},
  volume={20},
  number={5},
  pages={533--534},
  year={2020},
  publisher={Elsevier}
}

@article{pellis2021challenges,
  title={Challenges in control of COVID-19: short doubling time and long delay to effect of interventions},
  author={Pellis, Lorenzo and Scarabel, Francesca and Stage, Helena B and Overton, Christopher E and Chappell, Lauren HK and Fearon, Elizabeth and Bennett, Emma and Lythgoe, Katrina A and House, Thomas A and Hall, Ian and others},
  journal={Philosophical Transactions of the Royal Society B},
  volume={376},
  number={1829},
  pages={20200264},
  year={2021},
  publisher={The Royal Society}
}

@article{jahja2022real,
  title={Real-time estimation of Covid-19 infections: Deconvolution and sensor fusion},
  author={Jahja, Maria and Chin, Andrew and Tibshirani, Ryan J},
  journal={Statistical Science},
  volume={37},
  number={2},
  pages={207--228},
  year={2022},
  publisher={Institute of Mathematical Statistics}
}

@article{pitzer2021impact,
  title={The impact of changes in diagnostic testing practices on estimates of COVID-19 transmission in the United States},
  author={Pitzer, Virginia E and Chitwood, Melanie and Havumaki, Joshua and Menzies, Nicolas A and Perniciaro, Stephanie and Warren, Joshua L and Weinberger, Daniel M and Cohen, Ted},
  journal={American Journal of Epidemiology},
  volume={190},
  number={9},
  pages={1908--1917},
  year={2021},
  publisher={Oxford University Press}
}

@article{hitchings2021usefulness,
  title={The usefulness of the test-positive proportion of severe acute respiratory syndrome coronavirus 2 as a surveillance tool},
  author={Hitchings, Matt DT and Dean, Natalie E and Garc{\'\i}a-Carreras, Bernardo and Hladish, Thomas J and Huang, Angkana T and Yang, Bingyi and Cummings, Derek AT},
  journal={American journal of epidemiology},
  volume={190},
  number={7},
  pages={1396--1405},
  year={2021},
  publisher={Oxford University Press}
}

@article{mcmanus2023predicting,
  title={Predicting COVID-19 Incidence Using Wastewater Surveillance Data, Denmark, October 2021--June 2022},
  author={McManus, Oliver and Christiansen, Lasse Engbo and Nauta, Maarten and Krogsgaard, Lene Wulff and Bahrenscheer, Naja Stolberg and von Kappelgaard, Lene and Christiansen, Tobias and Hansen, Mikkel and Hansen, Nicco Claudio and K{\"a}hler, Jonas and others},
  journal={Emerging Infectious Diseases},
  volume={29},
  number={8},
  pages={1589},
  year={2023},
  publisher={Centers for Disease Control and Prevention}
}

@article{hart2020computational,
  title={Computational analysis of SARS-CoV-2/COVID-19 surveillance by wastewater-based epidemiology locally and globally: Feasibility, economy, opportunities and challenges},
  author={Hart, Olga E and Halden, Rolf U},
  journal={Science of the Total Environment},
  volume={730},
  pages={138875},
  year={2020},
  publisher={Elsevier}
}

@article{li2023correlation,
  title={Correlation between SARS-CoV-2 RNA concentration in wastewater and COVID-19 cases in community: a systematic review and meta-analysis},
  author={Li, Xuan and Zhang, Shuxin and Sherchan, Samendra and Orive, Gorka and Lertxundi, Unax and Haramoto, Eiji and Honda, Ryo and Kumar, Manish and Arora, Sudipti and Kitajima, Masaaki and others},
  journal={Journal of Hazardous Materials},
  volume={441},
  pages={129848},
  year={2023},
  publisher={Elsevier}
}

@article{fan2022sars,
  title={SARS-CoV-2 Omicron variant: recent progress and future perspectives},
  author={Fan, Yao and Li, Xiang and Zhang, Lei and Wan, Shu and Zhang, Long and Zhou, Fangfang},
  journal={Signal transduction and targeted therapy},
  volume={7},
  number={1},
  pages={141},
  year={2022},
  publisher={Nature Publishing Group UK London}
}

@article{kaku2021performance,
  title={Performance of anti-SARS-CoV-2 antibody testing in asymptomatic or mild COVID-19 patients: A retrospective study in outbreak on a cruise ship},
  author={Kaku, Norihito and Nishimura, Fumitaka and Shigeishi, Yui and Tachiki, Rina and Sakai, Hironori and Sasaki, Daisuke and Ota, Kenji and Sakamoto, Kei and Kosai, Kosuke and Hasegawa, Hiroo and others},
  journal={PLoS One},
  volume={16},
  number={9},
  pages={e0257452},
  year={2021},
  publisher={Public Library of Science San Francisco, CA USA}
}

@article{pooley2023durability,
  title={Durability of vaccine-induced and natural immunity against COVID-19: a narrative review},
  author={Pooley, Nick and Abdool Karim, Salim S and Combadi{\`e}re, Behazine and Ooi, Eng Eong and Harris, Rebecca C and El Guerche Seblain, Clotilde and Kisomi, Masoumeh and Shaikh, Nabila},
  journal={Infectious Diseases and Therapy},
  volume={12},
  number={2},
  pages={367--387},
  year={2023},
  publisher={Springer}
}

@article{russell2023comorbidities,
  title={Comorbidities, multimorbidity and COVID-19},
  author={Russell, Clark D and Lone, Nazir I and Baillie, J Kenneth},
  journal={Nature medicine},
  volume={29},
  number={2},
  pages={334--343},
  year={2023},
  publisher={Nature Publishing Group US New York}
}

@article{fox2023disproportionate,
  title={Disproportionate impacts of COVID-19 in a large US city},
  author={Fox, Spencer J and Javan, Emily and Pasco, Remy and Gibson, Graham C and Betke, Briana and Herrera-Diestra, Jos{\'e} L and Woody, Spencer and Pierce, Kelly and Johnson, Kaitlyn E and Johnson-Le{\'o}n, Maureen and others},
  journal={PLOS Computational Biology},
  volume={19},
  number={6},
  pages={e1011149},
  year={2023},
  publisher={Public Library of Science San Francisco, CA USA}
}

@article{ward2021understanding,
  title={Understanding an evolving pandemic: An analysis of the clinical time delay distributions of COVID-19 in the United Kingdom},
  author={Ward, Thomas and Johnsen, Alexander},
  journal={PLoS One},
  volume={16},
  number={10},
  pages={e0257978},
  year={2021},
  publisher={Public Library of Science San Francisco, CA USA}
}

@article{chitwood2021reconstructing,
  title={Reconstructing the course of the COVID-19 epidemic over 2020 for US states and counties: results of a Bayesian evidence synthesis model},
  author={Chitwood, Melanie H and Russi, Marcus and Gunasekera, Kenneth and Havumaki, Joshua and Pitzer, Virginia E and Salomon, Joshua A and Swartwood, Nicole and Warren, Joshua L and Weinberger, Daniel M and Cohen, Ted and others},
  journal={MedRxiv},
  year={2021},
  publisher={Cold Spring Harbor Laboratory Preprints}
}

@article{jalal2021prominent,
	author = {Hawre Jalal and Kyueun Lee and Donald S. Burke},
	title = {Prominent Spatiotemporal Waves of COVID-19 Incidence in the United States: Implications for Causality, Forecasting, and Control},
	elocation-id = {2021.06.29.21259726},
	year = {2021},
	doi = {10.1101/2021.06.29.21259726},
	publisher = {Cold Spring Harbor Laboratory Press},
	URL = {https://www.medrxiv.org/content/early/2021/07/03/2021.06.29.21259726},
	journal = {medRxiv}
}

@article{iderus2022correlation,
  title={Correlation between population density and COVID-19 cases during the third wave in Malaysia: Effect of the delta variant},
  author={Iderus, Nuur Hafizah Md and Singh, Sarbhan Singh Lakha and Ghazali, Sumarni Mohd and Ling, Cheong Yoon and Vei, Tan Cia and Zamri, Ahmed Syahmi Syafiq Md and Jaafar, Nadhar Ahmad and Ruslan, Qistina and Jaghfar, Nur Huda Ahmad and Gill, Balvinder Singh},
  journal={International Journal of Environmental Research and Public Health},
  volume={19},
  number={12},
  year={2022},
  publisher={Multidisciplinary Digital Publishing Institute (MDPI)}
}

@article{carozzi2022urban,
  title={Urban density and COVID-19: understanding the US experience},
  author={Carozzi, Felipe and Provenzano, Sandro and Roth, Sefi},
  journal={The Annals of regional science},
  pages={1--32},
  year={2022},
  publisher={Springer}
}

@article{wong2020spreading,
  title={Spreading of COVID-19: Density matters},
  author={Wong, David WS and Li, Yun},
  journal={Plos one},
  volume={15},
  number={12},
  pages={e0242398},
  year={2020},
  publisher={Public Library of Science San Francisco, CA USA}
}

@article{unwin2020state,
  title={State-level tracking of COVID-19 in the United States},
  author={Unwin, H Juliette T and Mishra, Swapnil and Bradley, Valerie C and Gandy, Axel and Mellan, Thomas A and Coupland, Helen and Ish-Horowicz, Jonathan and Vollmer, Michaela AC and Whittaker, Charles and Filippi, Sarah L and others},
  journal={Nature communications},
  volume={11},
  number={1},
  pages={6189},
  year={2020},
  publisher={Nature Publishing Group UK London}
}

@article{seow2020longitudinal,
  title={Longitudinal observation and decline of neutralizing antibody responses in the three months following SARS-CoV-2 infection in humans},
  author={Seow, Jeffrey and Graham, Carl and Merrick, Blair and Acors, Sam and Pickering, Suzanne and Steel, Kathryn JA and Hemmings, Oliver and O’Byrne, Aoife and Kouphou, Neophytos and Galao, Rui Pedro and others},
  journal={Nature microbiology},
  volume={5},
  number={12},
  pages={1598--1607},
  year={2020},
  publisher={Nature Publishing Group UK London}
}

@article{ibarrondo2020rapid,
  title={Rapid decay of anti--SARS-CoV-2 antibodies in persons with mild Covid-19},
  author={Ibarrondo, F Javier and Fulcher, Jennifer A and Goodman-Meza, David and Elliott, Julie and Hofmann, Christian and Hausner, Mary A and Ferbas, Kathie G and Tobin, Nicole H and Aldrovandi, Grace M and Yang, Otto O},
  journal={New England Journal of Medicine},
  volume={383},
  number={11},
  pages={1085--1087},
  year={2020},
  publisher={Mass Medical Soc}
}

@misc{parsley2018blood,
    title={5 Essential Blood Tests You Need Every Year},
    author="{Parsley Health}",
    year=2018,
    howpublished={\url{https://www.parsleyhealth.com/blog/5-essential-blood-tests-need-every-year/}}
}

@misc{blauer2022reduce,
    title={Reduce data reporting cadence for an endemic disease? Not quite yet},
    author={Beth Blauer},
    organization={Johns Hopkins Coronavirus Resource Center}, 
    year=2022,
    howpublished={\url{https://coronavirus.jhu.edu/pandemic-data-initiative/data-outlook/reduce-data-reporting-cadence-for-an-endemic-disease-not-quite-yet}}
}

@misc{simon2022inconsistent,
    title={Inconsistent reporting practices hampered our ability to analyze COVID-19 data. Here are three common problems we identified.},
    author={Sara Simon},
    organization={The COVID Tracking Project}, 
    year=2021,
    howpublished={\url{https://covidtracking.com/analysis-updates/three-covid-19-data-problems}}
}

@misc{schechtman2020counting,
    title={Counting COVID-19 tests: How states do it, how we do it, and what’s changing},
    author={Kara Schechtman},
    organization={The COVID Tracking Project}, 
    year=2020,
    howpublished={\url{https://covidtracking.com/analysis-updates/counting-covid-19-tests}}
}

@misc{dunkel2020covid19,
    title={COVID-19 case numbers: Why the delay in reporting?},
    author={Stephanie Dunkel},
    organization={Tacoma-Pierce County Health Department}, 
    year=2020,
    howpublished={\url{https://www.tpchd.org/Home/Components/Blog/Blog/21448}}
}

@misc{uga2020covid19,
    title={COVID-19 Portal},
    author="{Center for the Ecology of Infection Diseases}",
    organization={University of Georgia}, 
    year=2020,
    howpublished={\url{https://www.covid19.uga.edu/nowcast.html}}
}

@misc{pho2023covid19,
    title={COVID-19 omicron variant of concern and communicability – What we know so far},
    author="{Public Health Ontario}",
    year=2023,
    howpublished={\url{https://www.publichealthontario.ca/-/media/documents/ncov/covid-wwksf/2022/01/wwksf-omicron-communicability.pdf}}
}

@misc{nih2022assessing,
    title={Assessing how SARS-CoV-2 mutations might affect rapid tests},
    author="{National Institutes of Health}",
    year=2022,
    howpublished={\url{https://www.nih.gov/news-events/nih-research-matters/assessing-how-sars-cov-2-mutations-might-affect-rapid-tests}}
}

@misc{fda2023sars,
    title={SARS-CoV-2 viral mutations: Impact on COVID-19 tests},
    author="{U.S. Food and Drug Administration}",
    year=2023,
    howpublished={\url{https://www.fda.gov/medical-devices/coronavirus-covid-19-and-medical-devices/sars-cov-2-viral-mutations-impact-covid-19-tests}}
}

@article{elbe2017data,
  title={Data, disease and diplomacy: GISAID's innovative contribution to global health},
  author={Elbe, Stefan and Buckland-Merrett, Gemma},
  journal={Global challenges},
  volume={1},
  number={1},
  pages={33--46},
  year={2017},
  publisher={Wiley Online Library}
}

@article{jones2021estimated,
  title={Estimated US infection-and vaccine-induced SARS-CoV-2 seroprevalence based on blood donations, July 2020-May 2021},
  author={Jones, Jefferson M and Stone, Mars and Sulaeman, Hasan and Fink, Rebecca V and Dave, Honey and Levy, Matthew E and Di Germanio, Clara and Green, Valerie and Notari, Edward and Saa, Paula and others},
  journal={Jama},
  volume={326},
  number={14},
  pages={1400--1409},
  year={2021},
  publisher={American Medical Association}
}

@article{bajema2021estimated,
  title={Estimated SARS-CoV-2 Seroprevalence in the US as of September 2020},
  author={Bajema, Kristina L and Wiegand, Ryan E and Cuffe, Kendra and Patel, Sadhna V and Iachan, Ronaldo and Lim, Travis and Lee, Adam and Moyse, Davia and Havers, Fiona P and Harding, Lee and others},
  journal={JAMA internal medicine},
  volume={181},
  number={4},
  pages={450--460},
  year={2021},
  publisher={American Medical Association}
}

@article{ruff2022rapid,
  title={Rapid Increase in Suspected SARS-CoV-2 Reinfections, Clark County, Nevada, USA, December 2021},
  author={Ruff, Jeanne and Zhang, Ying and Kappel, Matthew and Rathi, Sfurti and Watkins, Kellie and Zhang, Lei and Lockett, Cassius},
  journal={Emerging Infectious Diseases},
  volume={28},
  number={10},
  pages={1977},
  year={2022},
  publisher={Centers for Disease Control and Prevention}
}

@article{yang2022investigation,
  title={Investigation of SARS-CoV-2 Epsilon variant and hospitalization status by genomic surveillance in a single large health system during the 2020-2021 winter surge in Southern California},
  author={Yang, Shangxin and Hemarajata, Peera and Hilt, Evann E and Price, Travis K and Garner, Omai B and Green, Nicole M},
  journal={American journal of clinical pathology},
  volume={157},
  number={5},
  pages={649--652},
  year={2022},
  publisher={Oxford University Press US}
}

@article{duerr2021dominance,
  title={Dominance of Alpha and Iota variants in SARS-CoV-2 vaccine breakthrough infections in New York City},
  author={Duerr, Ralf and Dimartino, Dacia and Marier, Christian and Zappile, Paul and Wang, Guiqing and Lighter, Jennifer and Elbel, Brian and Troxel, Andrea B and Heguy, Adriana and others},
  journal={The Journal of Clinical Investigation},
  volume={131},
  number={18},
  year={2021},
  publisher={Am Soc Clin Investig}
}

@misc{cdc2020data,
    title={COVID Data Tracker},
    author="{Centers for Disease Control and Prevention}",
    year=2020,
    howpublished={\url{https://covid.cdc.gov/covid-data-tracker/\#national-lab}}
}

@misc{hodcroft2021covariants,
    title={CoVariants: SARS-CoV-2 Mutations and Variants of Interest},
    author={Emma Hodcroft},
    year=2021,
    howpublished={\url{https://covariants.org}}
}

@misc{who2021tracking,
    title={Tracking SARS-CoV-2 variants},
    author="{World Health Organization}",
    year=2021,
    howpublished={\url{https://www.who.int/activities/tracking-SARS-CoV-2-variants}}
}

@misc{cdc2020casepub,
    title={COVID-19 Case Surveillance
Public Use Data},
    author="{Centers for Disease Control and Prevention}",
    year=2020,
    howpublished={\url{https://data.cdc.gov/Case-Surveillance/
COVID-19-Case-Surveillance-Public-Use-Data/vbim-akqf}}
}

@misc{cdc2020caserestr,
    title={COVID-19 Case Surveillance
Public Use Data},
    author="{Centers for Disease Control and Prevention}",
    year=2020,
    howpublished={\url{https://data.cdc.gov/Case-Surveillance/
COVID-19-Case-Surveillance-Restricted-Access-Detai/
mbd7-r32t}}
}

@misc{cdc2021blood,
    title={2020-2021 Nationwide Blood Donor Seroprevalence Survey Infection-Induced Seroprevalence Estimates},
    author="{Centers for Disease Control and Prevention}",
    year=2021,
    howpublished={\url{https://data.cdc.gov/Laboratory-Surveillance/2020-2021-Nationwide-Blood-Donor-Seroprevalence-Su/mtc3-kq6r}}
}

@misc{cdc2021comm,
    title={Nationwide Commercial Laboratory Seroprevalence Survey},
    author="{Centers for Disease Control and Prevention}",
    year=2021,
    howpublished={\url{https://data.cdc.gov/Laboratory-Surveillance/Nationwide-Commercial-Laboratory-Seroprevalence-Su/d2tw-32xv}}
}

@misc{phcan2021covid,
    title={COVID-19 for health professionals: Transmission},
    author="{Public Health Agency of Canada}",
    year=2021,
    howpublished={\url{https://www.canada.ca/en/public-health/services/diseases/2019-novel-coronavirus-infection/health-professionals/transmission.html}}
}

@article{zaki2021estimations,
  title={The estimations of the COVID-19 incubation period: A scoping reviews of the literature},
  author={Zaki, Nazar and Mohamed, Elfadil A},
  journal={Journal of infection and public health},
  volume={14},
  number={5},
  pages={638--646},
  year={2021},
  publisher={Elsevier}
}

@article{cortes2022sars,
  title={SARS-CoV-2 incubation period according to vaccination status during the fifth COVID-19 wave in a tertiary-care center in Spain: A cohort study},
  author={Cort{\'e}s Mart{\'\i}nez, Jordi and Pak, Daewoo and Abelenda-Alonso, Gabriela and Langohr, Klaus and Ning, Jing and Rombauts, Alexander and Colom, Mireia and Shen, Yu and G{\'o}mez Melis, Guadalupe},
  journal={BMC infectious diseases},
  volume={22},
  number={1},
  pages={1--7},
  year={2022},
  publisher={BioMed Central}
}

@article{reinhart2021open,
  title={An open repository of real-time COVID-19 indicators},
  author={Reinhart, Alex and Brooks, Logan and Jahja, Maria and Rumack, Aaron and Tang, Jingjing and Agrawal, Sumit and Al Saeed, Wael and Arnold, Taylor and Basu, Amartya and Bien, Jacob and others},
  journal={Proceedings of the National Academy of Sciences},
  volume={118},
  number={51},
  pages={e2111452118},
  year={2021},
  publisher={National Acad Sciences}
}

@article{ramdas2016fast,
  title={Fast and flexible ADMM algorithms for trend filtering},
  author={Ramdas, Aaditya and Tibshirani, Ryan J},
  journal={Journal of Computational and Graphical Statistics},
  volume={25},
  number={3},
  pages={839--858},
  year={2016},
  publisher={Taylor \& Francis}
}

@article{goldberg2022protection,
  title={Protection and waning of natural and hybrid immunity to SARS-CoV-2},
  author={Goldberg, Yair and Mandel, Micha and Bar-On, Yinon M and Bodenheimer, Omri and Freedman, Laurence S and Ash, Nachman and Alroy-Preis, Sharon and Huppert, Amit and Milo, Ron},
  journal={New England Journal of Medicine},
  volume={386},
  number={23},
  pages={2201--2212},
  year={2022},
  publisher={Mass Medical Soc}
}

@article{tibshirani2014adaptive,
  title={Adaptive piecewise polynomial estimation via trend filtering},
  author={Tibshirani, Ryan J},
  year={2014}
}

@article{tibshirani2022divided,
  title={Divided differences, falling factorials, and discrete splines: Another look at trend filtering and related problems},
  author={Tibshirani, Ryan J and others},
  journal={Foundations and Trends in Machine Learning},
  volume={15},
  number={6},
  pages={694--846},
  year={2022},
  publisher={Now Publishers, Inc.}
}

@Manual{brooks2023epiprocess,
  title = {epiprocess: Tools for basic signal processing in epidemiology},
  author = {Logan Brooks and Daniel McDonald and Evan Ray and Ryan Tibshirani},
  year = {2023},
  note = {R package version 0.7.0},
  url = {https://cmu-delphi.github.io/epiprocess},
}

@Manual{lorenzo2023usmap,
  title = {usmap},
  author = {Paolo Di Lorenzo},
  year = {2023},
  note = {R package version 0.6.2},
  url = {https://usmap.dev},
}

@article{wood2011fast,
    title = {Fast stable restricted maximum likelihood and marginal
      likelihood estimation of semiparametric generalized linear
      models},
    journal = {Journal of the Royal Statistical Society (B)},
    volume = {73},
    number = {1},
    pages = {3-36},
    year = {2011},
    author = {S. N. Wood},
}

@article{hoze2021monitoring,
  title={Monitoring the proportion of the population infected by SARS-CoV-2 using age-stratified hospitalisation and serological data: a modelling study},
  author={Hoz{\'e}, Nathana{\"e}l and Paireau, Juliette and Lapidus, Nathana{\"e}l and Kiem, C{\'e}cile Tran and Salje, Henrik and Severi, Gianluca and Touvier, Mathilde and Zins, Marie and De Lamballerie, Xavier and L{\'e}vy-Bruhl, Daniel and others},
  journal={The Lancet Public Health},
  volume={6},
  number={6},
  pages={e408--e415},
  year={2021},
  publisher={Elsevier}
}

@misc{uscensus2022annual,
    title={Annual Estimates of the Resident Population for the United States, Regions, States, District of Columbia, and Puerto Rico: April 1, 2020 to July 1, 2022},
    author="{U.S. Census Bureau, Population Division}",
    year=2022,
    howpublished={\url{https://www.census.gov/data/tables/time-series/demo/popest/2020s-state-total.html}}
}

@article{garrett2022high,
  title={High rate of asymptomatic carriage associated with variant strain omicron},
  author={Garrett, Nigel and Tapley, Asa and Andriesen, Jessica and Seocharan, Ishen and Fisher, Leigh H and Bunts, Lisa and Espy, Nicole and Wallis, Carole L and Randhawa, April Kaur and Ketter, Nzeera and others},
  journal={MedRxiv},
  year={2022},
  publisher={Cold Spring Harbor Laboratory Preprints}
}

@article{twohig2022hospital,
  title={Hospital admission and emergency care attendance risk for SARS-CoV-2 delta (B. 1.617. 2) compared with alpha (B. 1.1. 7) variants of concern: a cohort study},
  author={Twohig, Katherine A and Nyberg, Tommy and Zaidi, Asad and Thelwall, Simon and Sinnathamby, Mary A and Aliabadi, Shirin and Seaman, Shaun R and Harris, Ross J and Hope, Russell and Lopez-Bernal, Jamie and others},
  journal={The Lancet Infectious Diseases},
  volume={22},
  number={1},
  pages={35--42},
  year={2022},
  publisher={Elsevier}
}

@article{nyberg2022comparative,
  title={Comparative analysis of the risks of hospitalisation and death associated with SARS-CoV-2 omicron (B. 1.1. 529) and delta (B. 1.617. 2) variants in England: a cohort study},
  author={Nyberg, Tommy and Ferguson, Neil M and Nash, Sophie G and Webster, Harriet H and Flaxman, Seth and Andrews, Nick and Hinsley, Wes and Bernal, Jamie Lopez and Kall, Meaghan and Bhatt, Samir and others},
  journal={The Lancet},
  volume={399},
  number={10332},
  pages={1303--1312},
  year={2022},
  publisher={Elsevier}
}

@inproceedings{aburto2022obesity,
  title={Obesity as a Risk Factor for Severe COVID-19 in Hospitalized Patients: Epidemiology and Potential Mechanisms},
  author={Aburto, Scarleth and Cisterna, Mischka and Acu{\~n}a, Javiera and Ru{\'\i}z, Camila and Viscardi, Sharon and M{\'a}rquez, Jos{\'e} Luis and Villano, Ines and Letelier, Pablo and Guzm{\'a}n, Neftal{\'\i}},
  booktitle={Healthcare},
  volume={10},
  number={10},
  pages={1838},
  year={2022},
  organization={MDPI}
}

@misc{phc2020people,
    title={People who are at risk of more severe disease or outcomes from COVID-19},
    author="{Public Health Agency of Canada}",
    year=2020,
    howpublished={\url{https://www.canada.ca/en/public-health/services/publications/diseases-conditions/people-high-risk-for-severe-illness-covid-19.html}}
}

@misc{cdc2020people,
    title={People with Certain Medical Conditions},
    author="{Centers for Disease Control and Prevention}",
    year=2020,
    howpublished={\url{https://www.cdc.gov/coronavirus/2019-ncov/need-extra-precautions/people-with-medical-conditions.html}}
}

@misc{jhucsse2020covid,
    title={Coronavirus Resource Center},
    author="{John Hopkins University Center For Systems Science and Engineering}",
    year=2020,
    howpublished={\url{https://coronavirus.jhu.edu/map.html}}
}

@article{ren2021asymptomatic,
  title={Asymptomatic SARS-CoV-2 infections among persons entering China from April 16 to October 12, 2020},
  author={Ren, Ruiqi and Zhang, Yanping and Li, Qun and McGoogan, Jennifer M and Feng, Zijian and Gao, George F and Wu, Zunyou},
  journal={Jama},
  volume={325},
  number={5},
  pages={489--492},
  year={2021},
  publisher={American Medical Association}
}