@article{jahja2022real, 
  title={Real-time estimation of {COVID-19} infections: Deconvolution and sensor fusion},
  author={Jahja, Maria and Chin, Andrew and Tibshirani, Ryan J.},
  journal={Statistical Science},
  volume={37},
  number={2},
  pages={207--228},
  year={2022},
  publisher={Institute of Mathematical Statistics}
}

@article{unwin2020state, 
  title={State-level tracking of {COVID-19} in the {United States}},
  author={Unwin, H. Juliette T. and Mishra, Swapnil and Bradley, Valerie C. and Gandy, Axel and Mellan, Thomas A. and Coupland, Helen and Ish-Horowicz, Jonathan and Vollmer, Michaela A.C. and Whittaker, Charles and Filippi, Sarah L. and others},
  journal={Nature Communications},
  volume={11},
  number={1},
  pages={6189},
  year={2020},
  publisher={Nature Publishing Group, London}
}

@misc{cdc2020data, 
    title={{COVID Data Tracker}},
    author="{Centers for Disease Control and Prevention}",
    year=2020,
    howpublished={\url{https://covid.cdc.gov/covid-data-tracker/\#national-lab}}
}

@misc{cdc2021blood,
    title={2020-2021 Nationwide blood donor seroprevalence survey infection-induced seroprevalence estimates},
    author="{Centers for Disease Control and Prevention}",
    year={2021},
    howpublished={\url{https://data.cdc.gov/Laboratory-Surveillance/2020-2021-Nationwide-Blood-Donor-Seroprevalence-Su/mtc3-kq6r}}
}

@misc{uscensus2022annual, 
    title={Annual estimates of the resident population for the {United States}, regions, states, {District of Columbia}, and {Puerto Rico}: April 1, 2020 to July 1, 2022},
    author="{U.S. Census Bureau, Population Division}",
    year=2022,
    howpublished={\url{https://www.census.gov/data/tables/time-series/demo/popest/2020s-state-total.html}}
}

@book{durbin2012time,
  title={Time Series Analysis by State Space Methods},
  author={Durbin, James and Koopman, Siem Jan},
  volume={38},
  year={2012},
  publisher={OUP Oxford}
}

@article{helske2017kfas, 
 title={{KFAS}: Exponential family state space models in {R}},
 volume={78},
 number={10},
 journal={Journal of Statistical Software},
 author={Helske, Jouni},
 year={2017},
 pages={1--39}
}

@article{bajema2021estimated, 
  title={Estimated {SARS-CoV-2} seroprevalence in the {US} as of {September 2020}},
  author={Bajema, Kristina L. and Wiegand, Ryan E. and Cuffe, Kendra and Patel, Sadhna V. and Iachan, Ronaldo and Lim, Travis and Lee, Adam and Moyse, Davia and Havers, Fiona P. and Harding, Lee and others},
  journal={JAMA Internal Medicine},
  volume={181},
  number={4},
  pages={450--460},
  year={2021},
  publisher={American Medical Association}
}

@article{jones2021estimated,
  title={Estimated {US} infection-and vaccine-induced {SARS-CoV-2} seroprevalence based on blood donations, {July 2020-May 2021}},
  author={Jones, Jefferson M. and Stone, Mars and Sulaeman, Hasan and Fink, Rebecca V. and Dave, Honey and Levy, Matthew E. and Di Germanio, Clara and Green, Valerie and Notari, Edward and Saa, Paula and others},
  journal={JAMA},
  volume={326},
  number={14},
  pages={1400--1409},
  year={2021},
  publisher={American Medical Association}
}


@misc{hodcroft2021covariants,
    title={{CoVariants: SARS-CoV-2} mutations and variants of interest},
    author={Hodcroft, Emma},
    year=2021,
    howpublished={\url{https://covariants.org}}
}

@article{elbe2017data,
  title={Data, disease and diplomacy: {GISAID's} innovative contribution to global health},
  author={Elbe, Stefan and Buckland-Merrett, Gemma},
  journal={Global Challenges},
  volume={1},
  number={1},
  pages={33--46},
  year={2017},
  publisher={Wiley Online Library}
}

@article{annavajhala2021emergence,
  title={Emergence and expansion of {SARS-CoV-2 B. 1.526} after identification in {New York}},
  author={Annavajhala, Medini K and Mohri, Hiroshi and Wang, Pengfei and Nair, Manoj and Zucker, Jason E and Sheng, Zizhang and Gomez-Simmonds, Angela and Kelley, Anne L and Tagliavia, Maya and Huang, Yaoxing and others},
  journal={Nature},
  volume={597},
  number={7878},
  pages={703--708},
  year={2021},
  publisher={Nature Publishing Group UK London}
}

@article{figgins2021sars,
  title={{SARS-CoV-2} variant dynamics across {US} states show consistent differences in effective reproduction numbers},
  author={Figgins, Marlin D and Bedford, Trevor},
  journal={MedRxiv},
  pages={2021--12},
  year={2021},
  publisher={Cold Spring Harbor Laboratory Press}
}

@article{obermeyer2022analysis,
  title={Analysis of 6.4 million {SARS-CoV-2} genomes identifies mutations associated with fitness},
  author={Obermeyer, Fritz and Jankowiak, Martin and Barkas, Nikolaos and Schaffner, Stephen F and Pyle, Jesse D and Yurkovetskiy, Leonid and Bosso, Matteo and Park, Daniel J and Babadi, Mehrtash and MacInnis, Bronwyn L and others},
  journal={Science},
  volume={376},
  number={6599},
  pages={1327--1332},
  year={2022},
  publisher={American Association for the Advancement of Science}
}

@misc{who2021tracking,
    title={Tracking {SARS-CoV-2} variants},
    author="{World Health Organization}",
    year=2021,
    howpublished={\url{https://www.who.int/activities/tracking-SARS-CoV-2-variants}}
}

@article{yang2022investigation,
  title={Investigation of {SARS-CoV-2 Epsilon} variant and hospitalization status by genomic surveillance in a single large health system during the 2020-2021 winter surge in {Southern California}},
  author={Yang, Shangxin and Hemarajata, Peera and Hilt, Evann E. and Price, Travis K. and Garner, Omai B. and Green, Nicole M.},
  journal={American Journal of Clinical Pathology},
  volume={157},
  number={5},
  pages={649--652},
  year={2022},
  publisher={Oxford University Press}
}

@article{duerr2021dominance,
  title={Dominance of {Alpha} and {Iota} variants in {SARS-CoV-2} vaccine breakthrough infections in {New York City}},
  author={Duerr, Ralf and Dimartino, Dacia and Marier, Christian and Zappile, Paul and Wang, Guiqing and Lighter, Jennifer and Elbel, Brian and Troxel, Andrea B and Heguy, Adriana and others},
  journal={The Journal of Clinical Investigation},
  volume={131},
  number={18},
  pages={e152702},
  year={2021},
  publisher={Am Soc Clin Investig}
}

@article{tindale2020evidence,
  title={Evidence for transmission of {COVID-19} prior to symptom onset},
  author={Tindale, Lauren C. and Stockdale, Jessica E. and Coombe, Michelle and Garlock, Emma S. and Lau, Wing Yin Venus and Saraswat, Manu and Zhang, Louxin and Chen, Dongxuan and Wallinga, Jacco and Colijn, Caroline},
  journal={eLife},
  volume={9},
  pages={e57149},
  year={2020},
  publisher={eLife Sciences Publications, Ltd}
}

@article{ogata2022shorter,
  title={Shorter incubation period among unvaccinated delta variant coronavirus disease 2019 patients in {Japan}},
  author={Ogata, Tsuyoshi and Tanaka, Hideo and Irie, Fujiko and Hirayama, Atsushi and Takahashi, Yuki},
  journal={International Journal of Environmental Research and Public Health},
  volume={19},
  number={3},
  pages={1127},
  year={2022},
  publisher={MDPI}
}

@article{tanaka2022shorter,
  title={Shorter incubation period among {COVID-19} cases with the {BA. 1 Omicron} variant},
  author={Tanaka, Hideo and Ogata, Tsuyoshi and Shibata, Toshiyuki and Nagai, Hitomi and Takahashi, Yuki and Kinoshita, Masaru and Matsubayashi, Keisuke and Hattori, Sanae and Taniguchi, Chie},
  journal={International Journal of Environmental Research and Public Health},
  volume={19},
  number={10},
  pages={6330},
  year={2022},
  publisher={MDPI}
}

@article{grant2022impact,
  title={Impact of {SARS-CoV-2 Delta} variant on incubation, transmission settings and vaccine effectiveness: Results from a nationwide case-control study in {France}},
  author={Grant, Rebecca and Charmet, Tiffany and Schaeffer, Laura and Galmiche, Simon and Madec, Yoann and Von Platen, Cassandre and Ch{\'e}ny, Olivia and Omar, Fa{\"\i}za and David, Christophe and Rogoff, Alexandra and others},
  journal={The Lancet Regional Health--Europe},
  volume={13},
  pages={100278},
  year={2022},
  publisher={Elsevier}
}

@misc{phcan2021covid,
    title={{COVID-19} for health professionals: Transmission},
    author="{Public Health Agency of Canada}",
    year={2021},
    howpublished={\url{https://www.canada.ca/en/public-health/services/diseases/2019-novel-coronavirus-infection/health-professionals/transmission.html}}
}

@article{zaki2021estimations,
  title={The estimations of the {COVID-19} incubation period: A scoping reviews of the literature},
  author={Zaki, Nazar and Mohamed, Elfadil A.},
  journal={Journal of Infection and Public Health},
  volume={14},
  number={5},
  pages={638--646},
  year={2021},
  publisher={Elsevier}
}

@article{cortes2022sars,
  title={{SARS-CoV-2} incubation period according to vaccination status during the fifth {COVID-19} wave in a tertiary-care center in {Spain}: A cohort study},
  author={Cortes Martinez, Jordi and Pak, Daewoo and Abelenda-Alonso, Gabriela and Langohr, Klaus and Ning, Jing and Rombauts, Alexander and Colom, Mireia and Shen, Yu and Gomez Melis, Guadalupe},
  journal={BMC Infectious Diseases},
  volume={22},
  number={1},
  pages={1--7},
  year={2022},
  publisher={BioMed Central}
}

@misc{cdc2021comm,
    title={Nationwide commercial laboratory seroprevalence survey},
    author="{Centers for Disease Control and Prevention}",
    year={2021},
    howpublished={\url{https://data.cdc.gov/Laboratory-Surveillance/Nationwide-Commercial-Laboratory-Seroprevalence-Su/d2tw-32xv}}
}

